<record><leader>00000cas a2200000 i 4500</leader><controlfield tag="001">15028185</controlfield><controlfield tag="008">861231d18781881inuwr ne      0    0eng c</controlfield><datafield ind1=" " ind2=" " tag="010"><subfield code="a">sn 87055012 </subfield></datafield><datafield ind1=" " ind2=" " tag="040"><subfield code="a">NPI</subfield><subfield code="b">eng</subfield><subfield code="e">rda</subfield><subfield code="c">NPI</subfield><subfield code="d">OCLCQ</subfield><subfield code="d">IUL</subfield><subfield code="d">OCLCF</subfield><subfield code="d">IUL</subfield></datafield><datafield ind1=" " ind2=" " tag="042"><subfield code="a">pcc</subfield></datafield><datafield ind1=" " ind2=" " tag="043"><subfield code="a">n-us-in</subfield></datafield><datafield ind1="0" ind2="4" tag="245"><subfield code="a">The dollar press.</subfield></datafield><datafield ind1=" " ind2="1" tag="264"><subfield code="a">Greencastle, Ind. :</subfield><subfield code="b">Howard Briggs,</subfield><subfield code="c">1878-1881.</subfield></datafield><datafield ind1=" " ind2=" " tag="300"><subfield code="a">2 volumes</subfield></datafield><datafield ind1=" " ind2=" " tag="310"><subfield code="a">Weekly</subfield></datafield><datafield ind1=" " ind2=" " tag="336"><subfield code="a">text</subfield><subfield code="b">txt</subfield><subfield code="2">rdacontent</subfield></datafield><datafield ind1=" " ind2=" " tag="337"><subfield code="a">unmediated</subfield><subfield code="b">n</subfield><subfield code="2">rdamedia</subfield></datafield><datafield ind1=" " ind2=" " tag="338"><subfield code="a">volume</subfield><subfield code="b">nc</subfield><subfield code="2">rdacarrier</subfield></datafield><datafield ind1="0" ind2=" " tag="362"><subfield code="a">Vol. 21, no. 34 (December 18, 1878)-volume 23, no. 45 (Mar. 2, 1881) = whole no. 1084-whole no. 1179.</subfield></datafield><datafield ind1=" " ind2="0" tag="651"><subfield code="a">Greencastle (Ind.)</subfield><subfield code="v">Newspapers.</subfield></datafield><datafield ind1=" " ind2="0" tag="651"><subfield code="a">Putnam County (Ind.)</subfield><subfield code="v">Newspapers.</subfield></datafield><datafield ind1=" " ind2="7" tag="651"><subfield code="a">Indiana</subfield><subfield code="z">Greencastle.</subfield><subfield code="2">fast</subfield><subfield code="0">(OCoLC)fst01206132</subfield></datafield><datafield ind1=" " ind2="7" tag="651"><subfield code="a">Indiana</subfield><subfield code="z">Putnam County.</subfield><subfield code="2">fast</subfield><subfield code="0">(OCoLC)fst01218230</subfield></datafield><datafield ind1=" " ind2="7" tag="655"><subfield code="a">Newspapers.</subfield><subfield code="2">fast</subfield><subfield code="0">(OCoLC)fst01423814</subfield></datafield><datafield ind1=" " ind2=" " tag="752"><subfield code="a">United States</subfield><subfield code="b">Indiana</subfield><subfield code="c">Putnam</subfield><subfield code="d">Greencastle.</subfield></datafield><datafield ind1="0" ind2="0" tag="780"><subfield code="t">Press (Greencastle, Ind. : 1873)</subfield><subfield code="w">(DLC)sn 84023936</subfield><subfield code="w">(OCoLC)11082786</subfield></datafield><datafield ind1="0" ind2="0" tag="785"><subfield code="t">Press (Greencastle, Ind. : 1881)</subfield><subfield code="w">(DLC)sn 87055014</subfield><subfield code="w">(OCoLC)15028162</subfield></datafield><datafield ind1="4" ind2="1" tag="856"><subfield code="u">https://access.newspaperarchive.com/us/indiana/greencastle/greencastle-dollar-press/</subfield></datafield></record>